3480 5602
442 791 488 863 36
888 817 1056 867 cnerrrne
1090 815 1114 867 ιι

442 972 659 1034 reconneitre
676 987 744 1032 une
761 971 878 1055 portic
894 965 973 1056 pius
984 967 1114 1057 grande
1131 973 1148 1033 t
1166 965 1453 1056 l'interpoiction.
1471 967 1497 1037 il
1513 992 1557 1037 ne

441 1083 575 1150 seuruit
589 1088 660 1150 etre
677 1082 839 1172 question
856 1083 912 1160 ici,
930 1104 1066 1150 comme
1082 1082 1164 1151 ohez
1181 1082 1319 1173 Uipien,
1338 1087 1474 1175 Fraqm.
1498 1089 1556 1153 Va-

441 1196 513 1277 tic,
535 1199 613 1277 266,
633 1195 676 1266 de
689 1197 855 1266 condictio
877 1197 1021 1266 indebiti
1041 1199 1101 1289 (1).
1115 1197 1210 1266 Nous
1225 1221 1315 1267 nous
1330 1206 1498 1269 trouvons
1512 1225 1554 1269 en

440 1320 603 1406 presence
622 1313 706 1382 d'un
722 1336 780 1382 cos
804 1321 861 1392 ou,
889 1337 970 1382 sous
1000 1314 1034 1382 la
1053 1314 1243 1412 procedure
1268 1315 1483 1400 ionnuieire,
1510 1341 1552 1386 ne

439 1431 581 1521 pouveit
591 1428 804 1520 s'eppliquer
816 1430 990 1521 i'ecceptia
1002 1430 1087 1520 lepis
1101 1430 1238 1498 Cinciae
1251 1453 1258 1500 :
1271 1453 1308 1500 ce
1321 1433 1381 1523 qui
1391 1433 1551 1523 euplique

437 1546 472 1616 le
486 1547 693 1616 survivenoe
709 1543 750 1614 de
767 1545 800 1613 la
815 1546 983 1614 condictio
1007 1545 1093 1614 dens
1118 1546 1150 1614 le
1170 1551 1262 1615 texte
1288 1546 1329 1615 do
1349 1547 1472 1616 Celsus
1491 1551 1550 1635 (2).

437 1662 503 1733 Les
532 1665 782 1758 compileteurs
805 1669 865 1731 oni
890 1661 1117 1753 simplemont
1140 1661 1256 1753 ajoute
1282 1669 1300 1730 ir
1326 1662 1359 1731 ie
1382 1664 1551 1731 condictio

436 1802 506 1849 une
522 1785 637 1850 ection
661 1804 705 1850 en
729 1781 906 1873 paiomont
920 1778 962 1847 de
988 1778 1181 1847 l'excedent
1196 1784 1315 1848 contre
1333 1781 1364 1847 ie
1390 1780 1549 1850 debiteur

436 1898 498 1988 qui
515 1896 573 1965 n'e
586 1920 647 1987 pes
664 1919 789 1966 encore
806 1901 904 1987 peye.

479 2012 526 2080 Le
542 2013 669 2081 second
684 2019 775 2082 texte
791 2013 852 2103 qui
866 2035 955 2080 nous
971 2013 1056 2080 otico
1071 2034 1120 2079 un
1135 2011 1293 2101 exempto
1309 2010 1350 2078 de
1377 2011 1550 2102 i'eppiioe·

434 2128 509 2195 tion
525 2127 566 2196 de
583 2127 616 2196 le
640 2127 809 2198 condictio
834 2151 878 2197 en
894 2128 1041 2197 metisse
1066 2127 1108 2196 de
1125 2126 1172 2195 lot
1189 2127 1307 2196 Cincin
1324 2133 1377 2195 est
1401 2150 1448 2195 un
1474 2150 1550 2218 pes-

434 2266 514 2335 sege
529 2243 572 2312 de
592 2244 690 2328 Paul,
709 2246 835 2314 extrait
849 2245 891 2314 de
907 2266 970 2313 son
982 2242 1071 2311 livre
1086 2244 1123 2309 Ὴ
1144 2241 1192 2310 ad
1206 2241 1370 2322 edictum,
1388 2247 1432 2311 ou
1450 2241 1549 2334 ieju-

435 2359 645 2430 risconsulte
666 2363 797 2432 treiteit
821 2361 862 2429 de
887 2359 1063 2449 l'eoeceptio
1080 2357 1121 2426 de
1137 2358 1194 2426 dol
1211 2364 1245 2426 et
1262 2357 1305 2426 de
1330 2373 1450 2427 nictus.
1466 2361 1493 2426 A
1507 2383 1546 2429 ce

432 2503 570 2574 propos,
588 2485 614 2553 il
631 2482 757 2574 perlait
770 2482 812 2551 de
838 2480 1015 2571 l'ecceptia
1030 2480 1116 2571 lepis
1143 2480 1283 2548 Cinciae
1308 2481 1357 2571 (3)
1374 2486 1408 2548 et
1423 2479 1548 2570 probe·

431 2595 589 2667 biement
616 2598 678 2667 des
701 2621 758 2666 ons
782 2602 826 2666 oir
852 2596 919 2666 elie
954 2597 1095 2686 pouveit
1119 2594 1331 2686 s'eppiiquer
1354 2599 1389 2663 et
1411 2594 1547 2663 leisseit

430 2712 519 2781 ainsi
538 2712 624 2782 libre
641 2737 688 2783 un
704 2714 829 2804 champ
845 2711 992 2781 d'aetion
1018 2718 1037 2779 t
1062 2710 1094 2778 ia
1114 2710 1293 2779 condictio.
1314 2711 1341 2779 li
1365 2712 1545 2802 prevoyeit

428 2953 560 3014 evidente,
579 2955 720 3018 quondan
736 2970 764 3007 ss
774 2957 881 3020 reponte
896 2967 948 3004 eux
958 2953 1074 3003 schoiies
1091 2951 1137 3002 des
1154 2952 1369 3017 Besiiiques‚qui
1380 2952 1541 3017 pretendent

427 3032 568 3097 expliquer
588 3035 613 3084 le
632 3034 753 3086 doctrine
769 3034 801 3084 de
819 3033 920 3084 Ceisus.
942 3031 1102 3088 tiecheisrd,
1117 3031 1137 3082 t.
1153 3046 1188 3091 c.‚
1208 3032 1246 3080 65.
1273 3058 1303 3070 -
1328 3030 1368 3082 En
1393 3045 1455 3083 sens
1479 3047 1543 3083 con·

427 3113 517 3174 trsire,
534 3112 599 3177 Cuq,
617 3114 681 3164 tasi.
699 3115 796 3175 imici„
811 3117 835 3173 2,
854 3129 880 3179 p.
894 3114 949 3169 681.
968 3126 994 3162 n.
1011 3115 1035 3162 5.

456 3193 490 3256 (1)
510 3193 614 3257 Uipien.
630 3194 737 3259 Frnpm.
763 3195 861 3255 Vatia,
876 3196 939 3244 266:
959 3191 1089 3254 Utpimum
1104 3191 1171 3240 libro
1189 3193 1199 3239 t
1215 3193 1252 3240 ed
1266 3193 1310 3242 ed.
1331 3193 1364 3242 cte
1385 3192 1463 3244 rebus
1484 3207 1541 3243 cre-

424 3271 499 3321 ditis.
512 3272 663 3324 indebitum
680 3274 797 3325 solatum
814 3274 962 3336 arripimus
981 3287 1033 3320 non
1049 3271 1134 3320 sairam
1149 3271 1172 3320 si
1187 3273 1295 3320 ansuino
1311 3286 1364 3321 non
1384 3271 1540 3334 debebatur,

423 3353 470 3402 ced
484 3360 509 3402 et
524 3354 547 3402 si
560 3368 608 3418 per·
623 3355 744 3419 aliquam
768 3354 952 3416 exceptionem
974 3353 1031 3416 peti
1056 3367 1108 3400 non
1127 3354 1247 3414 poterat,
1273 3352 1303 3401 iit
1321 3355 1363 3402 est
1378 3357 1538 3416 perpetuam

423 3434 612 3498 exceptionem.
630 3433 717 3494 Quare
731 3433 781 3485 icoc
793 3448 897 3500 qaoque
909 3434 994 3497 repeti
1006 3431 1116 3495 poterit,
1133 3433 1227 3496 siquis
1238 3439 1368 3496 perpetua
1383 3436 1537 3498 exceptione

423 3515 499 3562 tutus
513 3513 632 3564 sciverit.
662 3513 735 3565 Unde
754 3515 848 3580 siquis
868 3520 963 3564 contra
974 3513 1055 3573 iepem
1069 3511 1186 3562 Cinciam
1201 3511 1337 3574 obtipatrcs
1358 3527 1410 3562 aon
1424 3518 1537 3576 eccepto

421 3591 538 3654 soluerit,
554 3593 645 3642 debuit
663 3594 718 3644 dici
735 3597 855 3657 repetere
871 3609 930 3644 eum
944 3607 1028 3658 posse,
1052 3607 1116 3643 nam
1139 3607 1244 3646 semper
1256 3593 1412 3655 exceptione
1428 3593 1536 3643 Cinciae

423 3671 464 3720 uti
476 3673 575 3736 potuit,
587 3687 636 3722 mec
645 3673 731 3724 solum
740 3675 805 3739 ipse,
819 3677 953 3732 serumst
966 3673 1137 3723 Proculeium
1148 3678 1243 3722 contra
1253 3671 1418 3723 Sabinianos
1427 3677 1533 3733 putant,

421 3750 503 3800 etium
519 3752 697 3817 quiciacum
704 3754 850 3816 popularis
861 3755 897 3804 sit
909 3754 973 3802 tinec
982 3754 1103 3818 exceptio
1113 3770 1122 3810 ,·
1133 3753 1180 3803 sect
1190 3756 1216 3802 et
1231 3754 1308 3803 her-es
1318 3753 1384 3814 eius,
1398 3753 1451 3802 miri
1464 3756 1535 3814 forte

421 3830 540 3880 rtur-ame
557 3832 695 3883 voluntate
709 3835 820 3884 decessit
832 3835 948 3884 deviator·
957 3849 966 3888 ,·
987 3839 1051 3882 tunc
1065 3834 1135 3886 euim
1152 3833 1211 3882 doti
1224 3833 1426 3898 replicationem
1446 3832 1531 3882 tccrcm

419 3908 516 3960 tiniere
545 3913 692 3976 imperator·
716 3921 807 3964 noster
827 3913 967 3978 rescripsit
989 3913 1016 3962 in
1041 3914 1106 3962 haec
1134 3913 1228 3964 oei-ba.
1252 3913 1323 3964 Dens
1349 3927 1379 3964 oo
1405 3926 1530 3978 passage,

417 3987 514 4054 Uipion
526 3992 616 4042 donne
632 4007 686 4044 une
699 3995 833 4044 coiretictic
846 3997 862 4045 t
877 3993 944 4044 cetui
957 3993 1003 4056 qni
1018 3995 1157 4044 cesenate
1177 4007 1229 4043 uns
1245 3992 1376 4043 donstion
1387 3992 1461 4043 ultra
1476 4007 1528 4042 mc·

416 4070 480 4120 dum
500 4070 564 4122 inite
588 4085 636 4136 per
659 4073 719 4123 voie
734 4073 766 4124 de
790 4087 946 4138 promesse3
972 4073 1038 4122 meis
1061 4073 1078 4121 it
1097 4073 1175 4136 s'egit
1188 4073 1216 4123 te
1232 4072 1297 4123 d'un
1315 4074 1453 4136 psieurent
1477 4086 1525 4136 per

415 4163 516 4210 erreuc,
532 4164 566 4201 en
581 4156 770 4216 consequence
783 4153 798 4202 d
809 4169 862 4204 unc
878 4153 1012 4204 condictio
1027 4151 1149 4201 terdobiti.

449 4231 481 4293 (2)
498 4231 621 4297 Compar.
640 4233 715 4293 Giris,
733 4235 837 4283 Eteocles
850 4249 897 4284 sm·
911 4235 940 4282 ta
953 4233 1086 4290 novettae.
1104 4234 1173 4292 ists,
1187 4247 1214 4297 p.
1233 4233 1287 4291 4¹2,
1304 4247 1332 4282 n.
1347 4234 1372 4286 3.

447 4310 480 4373 (3)
497 4312 570 4364 Νοιιι
585 4327 709 4377 pourons
724 4315 771 4366 dis
789 4316 960 4365 maintennnt
974 4326 1138 4375 remurauen
1155 4327 1187 4362 en
1203 4312 1282 4378 eger-d
1298 4315 1314 4363 t
1329 4312 1355 4362 is
1367 4314 1443 4378 piaco
1456 4313 1488 4363 de
1501 4326 1529 4364 ce

414 4388 550 4456 fragment
567 4394 599 4444 de
619 4395 682 4444 Psoi
696 4393 764 4445 dens
776 4409 826 4445 son
837 4394 1030 4445 commentaire
1047 4407 1093 4441 ιιιι·
1108 4392 1186 4442 itidit
1201 4392 1301 4453 (tenet,
1318 4392 1389 4454 Pae,
1401 4394 1466 4455 7⁹2).
1477 4407 1529 4456 que

412 4467 553 4534 i'ecceptio
568 4472 695 4524 uetuisse
710 4475 842 4525 subsistet
854 4475 881 4526 le
891 4475 1031 4532 condictio,
1048 4485 1154 4523 comme
1165 4473 1286 4524 sanction
1299 4472 1331 4524 de
1342 4476 1368 4525 te
1380 4474 1416 4524 toi
1427 4473 1525 4534 Cincii,

413 4565 465 4616 que
483 4551 551 4604 dens
565 4553 603 4604 ies
620 4555 693 4606 seule
709 4568 752 4606 cas
770 4555 806 4607 οὺ
819 4555 870 4608 elle
887 4568 922 4608 ne
938 4555 1053 4621 pourut
1068 4555 1162 4605 suffire
1177 4569 1212 4606 eu
1226 4554 1370 4609 donarem.
