3534 5596
612 851 655 898 ne
678 850 742 898 nux
767 848 938 897 PERFECTA
1273 823 1336 896 125

225 997 335 1078 rieux,
362 995 505 1064 luisset
531 997 793 1088 l'upprdoiution
818 997 863 1064 du
888 995 1068 1064 concilium
1097 995 1339 1065 neanumc'rsio-

222 1114 275 1181 nis
290 1115 335 1198 l).
353 1113 388 1180 Si
408 1112 456 1180 les
474 1113 526 1180 tor
549 1114 688 1182 molitos
705 1115 802 1182 n'ont
817 1119 939 1204 pesele
964 1112 1162 1195 observem,
1181 1111 1342 1182 l'escluve

225 1251 268 1297 ne
292 1228 436 1297 devient
462 1251 523 1320 pus
542 1230 708 1299 elirauchi
732 1231 883 1321 eitoyen,
910 1230 998 1297 meis
1023 1228 1221 1298 seulement
1245 1229 1341 1296 Latin

226 1344 366 1412 lunien.
386 1383 429 1394 -
451 1343 564 1422 Enim,
582 1345 615 1414 le
636 1345 681 1414 lei
698 1345 825 1414 delend
839 1344 881 1414 de
906 1345 1030 1413 rendre
1052 1345 1208 1436 eitoyens
1224 1343 1274 1412 les
1293 1367 1344 1412 es·

227 1458 341 1529 eleves
357 1459 418 1550 qui
434 1466 496 1528 ont
511 1461 589 1530 subi
605 1485 648 1530 en
665 1463 829 1552 eaptivild
846 1484 894 1529 un
910 1460 1217 1551 ehttimentgreve
1228 1458 1347 1550 (vincti

228 1575 361 1664 cortice)
378 1575 439 1666 (2).
458 1576 550 1645 Leur
566 1578 895 1647 elirunehissement
910 1577 960 1646 les
977 1577 1014 1646 ut
1030 1578 1229 1646 seulement
1242 1575 1346 1646 deve·

228 1691 286 1758 nir
300 1693 482 1782 peregrins
499 1693 561 1780 (3).

334 1968 347 2024 t
364 1965 437 2018 3.-
451 1965 494 2019 Le
513 1965 624 2018 nuilite
642 1965 799 2030 invoquee
816 1965 1010 2030 exeeptlonle
1027 1963 1178 2030 opedam
1194 1962 1242 2016 les

398 2053 488 2120 lege·
502 2053 702 2120 imperfectae
720 2060 753 2107 et
765 2055 870 2107 minue
887 2067 978 2120 quem
992 2051 1161 2118 perlectae.

272 2243 383 2332 Apres
409 2241 672 2312 l'intreduetion
702 2243 743 2310 de
768 2242 802 2311 la
828 2242 1017 2334 procedure
1045 2239 1261 2323 lermuluire,
1291 2238 1342 2307 les

230 2354 320 2447 lepec
330 2359 505 2449 perfectae
528 2365 563 2428 et
577 2361 692 2427 minus
706 2383 810 2450 quam
823 2360 995 2450 perfectae
1010 2357 1173 2428 deveient
1186 2355 1308 2425 tendre
1323 2361 1343 2424 t

233 2475 392 2564 aequerir
406 2474 457 2543 les
473 2481 607 2544 memes
630 2482 819 2566 eventuges
835 2497 903 2566 que
920 2474 970 2543 les
994 2473 1178 2543 nouvelles
1194 2472 1270 2555 lois,
1289 2473 1347 2540 de·

230 2587 366 2658 clarent
381 2589 445 2659 nul
463 2597 537 2660 tout
551 2592 614 2660 leit
636 2592 807 2660 contraire
825 2595 843 2658 t
859 2588 893 2658 le
914 2589 973 2658 loi.
1000 2590 1086 2659 Mais
1100 2611 1237 2658 comme
1260 2588 1346 2657 elles

228 2703 407 2775 n'eveient
423 2712 443 2774 t
458 2701 618 2797 l'origine
634 2707 744 2775 edicte
759 2729 894 2776 aucune
910 2705 1036 2775 nuilite
1053 2713 1087 2775 et
1109 2707 1214 2798 qu'en
1229 2714 1350 2774 conse·

231 2845 366 2915 quence
390 2830 480 2892 cette
494 2822 621 2891 nuilite
637 2845 681 2891 ne
699 2825 843 2914 pouvuit
856 2824 955 2891 avoir
968 2821 1039 2892 lieu
1065 2823 1137 2912 ipso
1145 2824 1240 2913 jure,
1263 2821 1349 2889 elles

230 2939 360 3010 durent
385 2939 534 3031 prendre
559 2963 606 3008 un
628 2938 727 3008 biuis.
756 2939 808 3008 On
832 2945 1003 3008 reeonnut
1027 2962 1070 3008 uu
1097 2937 1288 3007 defendeur
1316 2937 1349 3006 le

230 3056 323 3124 droit
338 3055 381 3124 de
397 3057 482 3124 faire
500 3055 731 3124 insererdens
743 3055 773 3122 lu
786 3054 936 3124 lermule
951 3053 997 3122 du
1010 3055 1238 3135 demandeur‚
1249 3063 1351 3147 apres

231 3171 414 3254 l’intentio,
432 3194 481 3240 nn
499 3193 624 3264 moyen
640 3171 681 3240 de
698 3171 860 3242 defense:
879 3193 916 3238 ee
933 3171 987 3240 lut
1003 3171 1220 3263 l'exception.
1237 3171 1291 3241 On
1306 3193 1350 3240 ne

234 3288 360 3379 permit
375 3285 468 3377 plus,
494 3309 629 3355 comme
645 3292 871 3377 superarent,
895 3310 937 3356 eu
956 3286 1171 3355 demendeur
1184 3286 1226 3355 de
1241 3286 1352 3357 violer

233 3403 265 3472 le
281 3401 329 3470 loi
345 3425 389 3470 en
404 3401 676 3492 eecemplissent
692 3425 739 3470 un
760 3407 834 3471 acte
850 3403 909 3492 qui
936 3401 985 3470 lui
1003 3403 1055 3470 lut
1075 3403 1258 3486 contraire,
1274 3403 1354 3472 saul

231 3526 302 3586 ese
318 3519 395 3587 voir
418 3517 533 3609 oblige
558 3518 636 3586 d'en
652 3523 793 3609 reparer
817 3518 870 3586 les
884 3519 1067 3587 fecheuses
1091 3524 1351 3609 consequenees

232 3657 275 3704 eu
294 3656 421 3726 moyen
435 3632 539 3703 d'une
554 3635 670 3702 oetion
681 3657 725 3702 en
741 3635 955 3717 restitutien‚
968 3634 1089 3702 munie
1101 3656 1144 3702 eu
1160 3656 1232 3702 non
1247 3633 1351 3701 d'une

230 3773 354 3841 poena.
374 3748 427 3818 On
447 3757 521 3840 put,
536 3749 597 3818 des
613 3749 645 3818 le
662 3750 831 3842 principe,
849 3772 1032 3841 repeusser
1047 3749 1080 3817 la
1094 3749 1266 3818 demande
1293 3770 1353 3840 per

262 3955 295 4018 (1)
310 3953 401 4016 Gaius,
417 3957 441 4010 1,
459 3954 539 4005 tlt-2⁰.
555 3953 660 4020 Ulpien‚
673 3957 744 4018 lice,
758 3957 781 4018 1,
796 3957 835 4006 lt.

264 4035 299 4098 (2)
314 4034 407 4096 Gelos,
419 4035 442 4094 1,
456 4035 494 4096 lt,
508 4036 536 4084 15
549 4036 576 4085 et
586 4035 624 4085 11.
640 4062 670 4072 -
687 4035 738 4086 Per
748 4037 898 4102 exception,
909 4035 1033 4086 l’eecleve
1045 4034 1154 4085 minem·
1164 4034 1196 4086 de
1206 4037 1293 4086 trente
1305 4049 1355 4086 ens

234 4113 341 4164 devient
359 4113 465 4178 eiteyen
481 4115 595 4173 romain,
612 4115 653 4165 s'il
677 4119 749 4166 ette'
767 4117 896 4168 ndrnnchl
913 4131 959 4180 per
975 4118 1121 4167 testament
1135 4117 1162 4165 et
1174 4114 1285 4165 institue
1297 4113 1356 4165 seul

234 4193 344 4245 heritier
358 4207 407 4258 per
420 4208 456 4242 un
470 4197 566 4244 mellre
583 4195 750 4246 insolreble:
764 4197 854 4257 Galus,
867 4197 889 4256 1,
900 4197 928 4244 tl
942 4211 948 4254 ;
965 4195 1069 4256 Ulpien‚
1086 4193 1167 4257 Rep,
1184 4195 1208 4252 1,
1224 4195 1262 4242 lt.
1277 4193 1354 4255 Meis,

234 4273 339 4337 cepres
354 4273 444 4334 Galus,
461 4275 484 4332 2.
500 4275 555 4332 116,
578 4289 617 4324 un
641 4277 874 4325 senatusconsulte
891 4273 1012 4324 delendit
1029 4271 1198 4322 d'ellrenchir
1214 4276 1242 4322 el
1256 4271 1356 4323 d'insti·

232 4357 294 4404 tner
308 4353 417 4403 heritier
432 4368 469 4403 un
484 4353 589 4404 eseleve
606 4354 712 4404 minenr
727 4354 758 4404 de
774 4357 860 4404 trente
878 4367 939 4403 ens.

265 4434 299 4497 13)
314 4431 364 4484 Ces
377 4432 448 4482 deux
471 4432 609 4484 dernitres
630 4433 807 4498 disposilions
823 4433 912 4483 iurent
930 4432 1031 4484 ebolles
1049 4446 1098 4497 per
1116 4431 1261 4494 tustiniem
1277 4433 1357 4495 luet,

234 4515 256 4574 1,
273 4515 296 4574 5,
313 4513 350 4562 De
372 4511 513 4574 libertem,
531 4513 565 4576 3;
594 4515 637 4572 0.,
664 4516 688 4574 1,
704 4515 727 4574 5,
754 4514 792 4562 De
816 4513 880 4566 cled.
900 4511 944 4562 lid.
962 4511 1144 4577 lell.,l;C.,
1161 4513 1222 4574 1,6,
1242 4513 1278 4562 lre
1296 4513 1355 4566 eac.

232 4592 280 4644 lib.
297 4593 371 4656 loll„
389 4593 415 4642 l.
